@misc{gcc,
 title = {{Other Built-in Functions Provided by GCC}},
 author = {{Free Software Foundation}},
 year = 2017,
 note = {Dispon√≠vel em:
  <\url{https://gcc.gnu.org/onlinedocs/gcc/Other-Builtins.html}>.
  Acesso em: 22 abr. 2017.}
}
